%% Created using Papers on Sat, 06 Dec 2014.
%% http://papersapp.com/papers/

@article{Lowe:2004uq,
author = {Lowe, D G},
title = {{Distinctive image features from scale-invariant keypoints}},
journal = {International Journal of Computer Vision},
year = {2004},
volume = {60},
number = {2},
pages = {91--110},
month = nov
}

@book{Perner:2001wu,
author = {Perner, Petra},
title = {{Machine Learning and Data Mining in Pattern Recognition}},
publisher = {Springer Science {\&} Business Media},
year = {2001},
series = {Second International Workshop, MLDM 2001, Leipzig, Germany, July 25-27, 2001. Proceedings},
month = jul
}

@article{Breiman:2001fb,
author = {Breiman, Leo},
title = {{Random Forests.}},
journal = {Machine Learning ()},
year = {2001},
volume = {45},
number = {1},
pages = {5--32}
}

@article{Vapnik:2000te,
author = {Vapnik, V},
title = {{The Nature of Statistical Learning Theory - Vladimir Vapnik - Google Books}},
year = {2000}
}

@article{Hosmer:2000vg,
author = {Hosmer, D W and Lemeshow, S},
title = {{Applied logistic regression}},
year = {2000}
}

@inproceedings{HechtNielsen:1989et,
author = {Hecht-Nielsen, R},
title = {{Theory of the backpropagation neural network}},
booktitle = {Neural Networks, 1989. IJCNN., International Joint Conference on},
year = {1989},
pages = {593--605}
}

